%Beispieldatei (.bib), welche die Literatur enth√§lt
%Diese Datei kann mit Literaturverwaltungsprogrammen (z. B. Citavi oder JabRef) erstellt werden

@Book{nickelor,
  title     = "Operations Research",
  publisher = "Springer Berlin Heidelberg",
  year      = "2014",
  author    = "Nickel, S. and Stein, O. and Waldmann, K.H.",
  series    = "Springer-Lehrbuch",
  isbn      = "9783642543678"
}

@article{melofl,
	title   = "Facility location and supply chain management",
	journal = "European Journal of Operational Research",
	volume  = "196",
	number  = "2",
	pages   = "401 - 412",
	year    = "2009",
	issn    = "0377-2217",
	author  = "M.T. Melo and S. Nickel and F. Saldanha-da-Gama"
}

@article{dash,
	title   = "Dash Optimization",
	journal = "FICO Xpress Optimization",
	author  = "Fair Isaac Corporation",
	url     = "http://www.dashoptimization.com",
	year    = "Abruf am tt.mm.jjjj"
}
